<record><leader>00000cas a22000007a 4500</leader><controlfield tag="001">539213531</controlfield><controlfield tag="008">100304c20099999gaumr n       |   a0spa  </controlfield><datafield ind1=" " ind2=" " tag="010"><subfield code="a">  2010201318</subfield></datafield><datafield ind1=" " ind2=" " tag="040"><subfield code="a">DLC</subfield><subfield code="b">eng</subfield><subfield code="c">DLC</subfield><subfield code="d">OCLCQ</subfield></datafield><datafield ind1=" " ind2=" " tag="012"><subfield code="l">1</subfield></datafield><datafield ind1="0" ind2=" " tag="022"><subfield code="a">2153-6449</subfield><subfield code="2">1</subfield></datafield><datafield ind1=" " ind2=" " tag="037"><subfield code="b">Savannah Latina Inc., 7160 Hodgson Memorial Dr., Suite 101, Savannah, GA 31406</subfield></datafield><datafield ind1="0" ind2=" " tag="041"><subfield code="a">spa</subfield><subfield code="a">eng</subfield></datafield><datafield ind1=" " ind2=" " tag="042"><subfield code="a">pcc</subfield><subfield code="a">nsdp</subfield></datafield><datafield ind1="1" ind2="0" tag="050"><subfield code="a">ISSN RECORD</subfield></datafield><datafield ind1="1" ind2="0" tag="082"><subfield code="a">305</subfield><subfield code="2">14</subfield></datafield><datafield ind1=" " ind2="0" tag="222"><subfield code="a">Nuestra ventana Latina</subfield></datafield><datafield ind1="0" ind2="0" tag="245"><subfield code="a">Nuestra ventana Latina.</subfield></datafield><datafield ind1="1" ind2="3" tag="246"><subfield code="a">NVL</subfield></datafield><datafield ind1="1" ind2="3" tag="246"><subfield code="a">Nuestra ventana Latina tu perio&#769;dico</subfield></datafield><datafield ind1=" " ind2=" " tag="260"><subfield code="a">Savannah, GA :</subfield><subfield code="b">Savannah Latina, Inc.</subfield></datafield><datafield ind1=" " ind2=" " tag="310"><subfield code="a">Monthly</subfield></datafield><datafield ind1="1" ind2=" " tag="362"><subfield code="a">Began in 2009.</subfield></datafield><datafield ind1=" " ind2=" " tag="500"><subfield code="a">"Un enlace abierto a la comunidad de America Latina = An open bridge to the Latin American community."</subfield></datafield><datafield ind1=" " ind2=" " tag="546"><subfield code="a">Text in Spanish and English.</subfield></datafield><datafield ind1=" " ind2=" " tag="588"><subfield code="a">Description based on: An&#771;o 1, no. 18 (Oct. 2009); title from caption.</subfield></datafield><datafield ind1=" " ind2=" " tag="588"><subfield code="a">Latest issue consulted: An&#771;o 1, no. 19 (Nov. 2009).</subfield></datafield></record>